@inproceedings{chen2016infogan,
	author    = {Xi Chen and
			Yan Duan and
			Rein Houthooft and
			John Schulman and
			Ilya Sutskever and
			Pieter Abbeel},
	title     = {InfoGAN: Interpretable Representation Learning by Information Maximizing
			Generative Adversarial Nets},
	booktitle = {Advances in Neural Information Processing Systems 29: Annual Conference
			on Neural Information Processing Systems 2016, December 5-10, 2016,
			Barcelona, Spain},
	pages     = {2172--2180},
	year      = {2016},
	url       = {http://papers.nips.cc/paper/6399-infogan-interpretable-representation-learning-by-information-maximizing-generative-adversarial-nets},
	timestamp = {Mon, 03 Sep 2018 12:15:29 +0200},
	biburl    = {https://dblp.org/rec/bib/conf/nips/ChenCDHSSA16},
	bibsource = {dblp computer science bibliography, https://dblp.org}
}

@inproceedings{jha2018disentangling,
	author    = {Ananya Harsh Jha and
			Saket Anand and
			Maneesh Singh and
			V. S. R. Veeravasarapu},
	title     = {Disentangling Factors of Variation with Cycle-Consistent Variational
			Auto-encoders},
	booktitle = {Computer Vision - ECCV 2018 - 15th European Conference, Munich,
			Germany, September 8-14, 2018, Proceedings, Part {III}},
	pages     = {829--845},
	year      = {2018},
	url       = {https://doi.org/10.1007/978-3-030-01219-9\_49},
	doi       = {10.1007/978-3-030-01219-9\_49},
	timestamp = {Mon, 08 Oct 2018 17:08:06 +0200},
	biburl    = {https://dblp.org/rec/bib/conf/eccv/JhaASV18},
	bibsource = {dblp computer science bibliography, https://dblp.org}
}

@inproceedings{gatys2016image,
	author    = {Leon A. Gatys and
			Alexander S. Ecker and
			Matthias Bethge},
	title     = {Image Style Transfer Using Convolutional Neural Networks},
	booktitle = {2016 {IEEE} Conference on Computer Vision and Pattern Recognition,
			{CVPR} 2016, Las Vegas, NV, USA, June 27-30, 2016},
	pages     = {2414--2423},
	year      = {2016},
	url       = {https://doi.org/10.1109/CVPR.2016.265},
	doi       = {10.1109/CVPR.2016.265},
	timestamp = {Thu, 25 May 2017 00:41:22 +0200},
	biburl    = {https://dblp.org/rec/bib/conf/cvpr/GatysEB16},
	bibsource = {dblp computer science bibliography, https://dblp.org}
}

@inproceedings{xu2012paraphrasing,
	author    = {Wei Xu and
			Alan Ritter and
			Bill Dolan and
			Ralph Grishman and
			Colin Cherry},
	title     = {Paraphrasing for Style},
	booktitle = {{COLING} 2012, 24th International Conference on Computational Linguistics,
			Proceedings of the Conference: Technical Papers, 8-15 December 2012,
			Mumbai, India},
	pages     = {2899--2914},
	year      = {2012},
	url       = {http://aclweb.org/anthology/C/C12/C12-1177.pdf},
	timestamp = {Sun, 09 Jul 2017 18:30:34 +0200},
	biburl    = {https://dblp.org/rec/bib/conf/coling/XuRDGC12},
	bibsource = {dblp computer science bibliography, https://dblp.org}
}

@inproceedings{sutskever2014sequence,
	author    = {Ilya Sutskever and
			Oriol Vinyals and
			Quoc V. Le},
	title     = {Sequence to Sequence Learning with Neural Networks},
	booktitle = {Advances in Neural Information Processing Systems 27: Annual Conference
			on Neural Information Processing Systems 2014, December 8-13 2014,
			Montreal, Quebec, Canada},
	pages     = {3104--3112},
	year      = {2014},
	url       = {http://papers.nips.cc/paper/5346-sequence-to-sequence-learning-with-neural-networks},
	timestamp = {Wed, 10 Dec 2014 21:34:12 +0100},
	biburl    = {https://dblp.org/rec/bib/conf/nips/SutskeverVL14},
	bibsource = {dblp computer science bibliography, https://dblp.org}
}

@inproceedings{goodfellow2014generative,
	author    = {Ian J. Goodfellow and
			Jean Pouget{-}Abadie and
			Mehdi Mirza and
			Bing Xu and
			David Warde{-}Farley and
			Sherjil Ozair and
			Aaron C. Courville and
			Yoshua Bengio},
	title     = {Generative Adversarial Nets},
	booktitle = {Advances in Neural Information Processing Systems 27: Annual Conference
			on Neural Information Processing Systems 2014, December 8-13 2014,
			Montreal, Quebec, Canada},
	pages     = {2672--2680},
	year      = {2014},
	url       = {http://papers.nips.cc/paper/5423-generative-adversarial-nets},
	timestamp = {Wed, 10 Dec 2014 21:34:12 +0100},
	biburl    = {https://dblp.org/rec/bib/conf/nips/GoodfellowPMXWOCB14},
	bibsource = {dblp computer science bibliography, https://dblp.org}
}

@inproceedings{hu2017toward,
	author    = {Zhiting Hu and
			Zichao Yang and
			Xiaodan Liang and
			Ruslan Salakhutdinov and
			Eric P. Xing},
	title     = {Toward Controlled Generation of Text},
	booktitle = {Proceedings of the 34th International Conference on Machine Learning,
			{ICML} 2017, Sydney, NSW, Australia, 6-11 August 2017},
	pages     = {1587--1596},
	year      = {2017},
	url       = {http://proceedings.mlr.press/v70/hu17e.html},
	timestamp = {Wed, 16 Aug 2017 11:08:55 +0200},
	biburl    = {https://dblp.org/rec/bib/conf/icml/HuYLSX17},
	bibsource = {dblp computer science bibliography, https://dblp.org}
}

@inproceedings{shen2017style,
	author    = {Tianxiao Shen and
			Tao Lei and
			Regina Barzilay and
			Tommi S. Jaakkola},
	title     = {Style Transfer from Non-Parallel Text by Cross-Alignment},
	booktitle = {Advances in Neural Information Processing Systems 30: Annual Conference
			on Neural Information Processing Systems 2017, 4-9 December 2017,
			Long Beach, CA, {USA}},
	pages     = {6833--6844},
	year      = {2017},
	url       = {http://papers.nips.cc/paper/7259-style-transfer-from-non-parallel-text-by-cross-alignment},
	timestamp = {Mon, 27 Nov 2017 12:38:48 +0100},
	biburl    = {https://dblp.org/rec/bib/conf/nips/ShenLBJ17},
	bibsource = {dblp computer science bibliography, https://dblp.org}
}

@inproceedings{sennrich2016controlling,
	author    = {Rico Sennrich and
			Barry Haddow and
			Alexandra Birch},
	title     = {Controlling Politeness in Neural Machine Translation via Side Constraints},
	booktitle = {{NAACL} {HLT} 2016, The 2016 Conference of the North American Chapter
			of the Association for Computational Linguistics: Human Language Technologies,
			San Diego California, USA, June 12-17, 2016},
	pages     = {35--40},
	year      = {2016},
	url       = {http://aclweb.org/anthology/N/N16/N16-1005.pdf},
	timestamp = {Tue, 13 Sep 2016 20:32:15 +0200},
	biburl    = {https://dblp.org/rec/bib/conf/naacl/SennrichHB16},
	bibsource = {dblp computer science bibliography, https://dblp.org}
}

@article{kim2017adversarially,
	author    = {Junbo Jake Zhao and
			Yoon Kim and
			Kelly Zhang and
			Alexander M. Rush and
			Yann LeCun},
	title     = {Adversarially Regularized Autoencoders for Generating Discrete Structures},
	journal   = {CoRR},
	volume    = {abs/1706.04223},
	year      = {2017},
	url       = {http://arxiv.org/abs/1706.04223},
	archivePrefix = {arXiv},
	eprint    = {1706.04223},
	timestamp = {Mon, 13 Aug 2018 16:49:09 +0200},
	biburl    = {https://dblp.org/rec/bib/journals/corr/ZhaoKZRL17},
	bibsource = {dblp computer science bibliography, https://dblp.org}
}

@article{ficler2017controlling,
	author    = {Jessica Ficler and
			Yoav Goldberg},
	title     = {Controlling Linguistic Style Aspects in Neural Language Generation},
	journal   = {CoRR},
	volume    = {abs/1707.02633},
	year      = {2017},
	url       = {http://arxiv.org/abs/1707.02633},
	archivePrefix = {arXiv},
	eprint    = {1707.02633},
	timestamp = {Mon, 13 Aug 2018 16:47:55 +0200},
	biburl    = {https://dblp.org/rec/bib/journals/corr/FiclerG17aa},
	bibsource = {dblp computer science bibliography, https://dblp.org}
}

@inproceedings{li2017adversarial,
	author    = {Jiwei Li and
			Will Monroe and
			Tianlin Shi and
			Sebastien Jean and
			Alan Ritter and
			Dan Jurafsky},
	title     = {Adversarial Learning for Neural Dialogue Generation},
	booktitle = {Proceedings of the 2017 Conference on Empirical Methods in Natural
			Language Processing, {EMNLP} 2017, Copenhagen, Denmark, September
			9-11, 2017},
	pages     = {2157--2169},
	year      = {2017},
	url       = {https://aclanthology.info/papers/D17-1230/d17-1230},
	timestamp = {Tue, 30 Jan 2018 13:42:04 +0100},
	biburl    = {https://dblp.org/rec/bib/conf/emnlp/LiMSJRJ17},
	bibsource = {dblp computer science bibliography, https://dblp.org}
}

@inproceedings{fu2018style,
	author    = {Zhenxin Fu and
			Xiaoye Tan and
			Nanyun Peng and
			Dongyan Zhao and
			Rui Yan},
	title     = {Style Transfer in Text: Exploration and Evaluation},
	booktitle = {Proceedings of the Thirty-Second AAAI Conference on Artificial Intelligence,
			(AAAI-18), the 30th innovative Applications of Artificial Intelligence
			(IAAI-18), and the 8th {AAAI} Symposium on Educational Advances in
			Artificial Intelligence (EAAI-18), New Orleans, Louisiana, USA, February
			2-7, 2018},
	pages     = {663--670},
	year      = {2018},
	url       = {https://www.aaai.org/ocs/index.php/AAAI/AAAI18/paper/view/17015},
	timestamp = {Tue, 23 Oct 2018 06:42:15 +0200},
	biburl    = {https://dblp.org/rec/bib/conf/aaai/FuTPZY18},
	bibsource = {dblp computer science bibliography, https://dblp.org}
}

@inproceedings{kim2014convolutional,
	author    = {Yoon Kim},
	title     = {Convolutional Neural Networks for Sentence Classification},
	booktitle = {Proceedings of the 2014 Conference on Empirical Methods in Natural
			Language Processing, {EMNLP} 2014, October 25-29, 2014, Doha, Qatar,
			{A} meeting of SIGDAT, a Special Interest Group of the {ACL}},
	pages     = {1746--1751},
	year      = {2014},
	url       = {http://aclweb.org/anthology/D/D14/D14-1181.pdf},
	timestamp = {Sat, 15 Nov 2014 14:45:18 +0100},
	biburl    = {https://dblp.org/rec/bib/conf/emnlp/Kim14},
	bibsource = {dblp computer science bibliography, https://dblp.org}
}

@article{maaten2008visualizing,
	author = {van der Maaten, Laurens and Hinton, Geoffrey},
	biburl = {https://www.bibsonomy.org/bibtex/28b9aebb404ad4a4c6a436ea413550b30/lopusz_kdd},
	interhash = {370ba8b9e1909b61880a6f47c93bcd49},
	intrahash = {8b9aebb404ad4a4c6a436ea413550b30},
	journal = {Journal of Machine Learning Research},
	keywords = {dimensionality_reduction tSNE visualization},
	pages = {2579--2605},
	timestamp = {2015-08-19T15:19:11.000+0200},
	title = {Visualizing Data using {t-SNE} },
	url = {http://www.jmlr.org/papers/v9/vandermaaten08a.html},
	volume = 9,
	year = 2008
}

@article{kingma2014adam,
	author    = {Diederik P. Kingma and
			Jimmy Ba},
	title     = {Adam: A Method for Stochastic Optimization},
	journal   = {CoRR},
	volume    = {abs/1412.6980},
	year      = {2014},
	url       = {http://arxiv.org/abs/1412.6980},
	archivePrefix = {arXiv},
	eprint    = {1412.6980},
	timestamp = {Mon, 13 Aug 2018 16:47:35 +0200},
	biburl    = {https://dblp.org/rec/bib/journals/corr/KingmaB14},
	bibsource = {dblp computer science bibliography, https://dblp.org}
}

@inproceedings{hu2004mining,
	author    = {Minqing Hu and
			Bing Liu},
	title     = {Mining and summarizing customer reviews},
	booktitle = {Proceedings of the Tenth {ACM} {SIGKDD} International Conference on
			Knowledge Discovery and Data Mining, Seattle, Washington, USA, August
			22-25, 2004},
	pages     = {168--177},
	year      = {2004},
	url       = {https://doi.org/10.1145/1014052.1014073},
	doi       = {10.1145/1014052.1014073},
	timestamp = {Wed, 14 Nov 2018 10:52:06 +0100},
	biburl    = {https://dblp.org/rec/bib/conf/kdd/HuL04},
	bibsource = {dblp computer science bibliography, https://dblp.org}
}

@inproceedings{luong2015multi,
	author    = {Lin Gui and
			Jiachen Du and
			Zhishan Zhao and
			Yulan He and
			Ruifeng Xu and
			Chuang Fan},
	title     = {An End-to-End Scalable Iterative Sequence Tagging with Multi-Task
			Learning},
	booktitle = {Natural Language Processing and Chinese Computing - 7th {CCF} International
			Conference, {NLPCC} 2018, Hohhot, China, August 26-30, 2018, Proceedings,
			Part {II}},
	pages     = {288--298},
	year      = {2018},
	url       = {https://doi.org/10.1007/978-3-319-99501-4\_25},
	doi       = {10.1007/978-3-319-99501-4\_25},
	timestamp = {Tue, 14 Aug 2018 11:29:50 +0200},
	biburl    = {https://dblp.org/rec/bib/conf/nlpcc/0003DZHXF18},
	bibsource = {dblp computer science bibliography, https://dblp.org}
}

@article{jernite2017discourse,
	author    = {Yacine Jernite and
			Samuel R. Bowman and
			David Sontag},
	title     = {Discourse-Based Objectives for Fast Unsupervised Sentence Representation
			Learning},
	journal   = {CoRR},
	volume    = {abs/1705.00557},
	year      = {2017},
	url       = {http://arxiv.org/abs/1705.00557},
	archivePrefix = {arXiv},
	eprint    = {1705.00557},
	timestamp = {Mon, 13 Aug 2018 16:48:17 +0200},
	biburl    = {https://dblp.org/rec/bib/journals/corr/JerniteBS17},
	bibsource = {dblp computer science bibliography, https://dblp.org}
}

@inproceedings{balikas2017multitask,
	author    = {Georgios Balikas and
			Simon Moura and
			Massih{-}Reza Amini},
	title     = {Multitask Learning for Fine-Grained Twitter Sentiment Analysis},
	booktitle = {Proceedings of the 40th International {ACM} {SIGIR} Conference on
			Research and Development in Information Retrieval, Shinjuku, Tokyo,
			Japan, August 7-11, 2017},
	pages     = {1005--1008},
	year      = {2017},
	url       = {https://doi.org/10.1145/3077136.3080702},
	doi       = {10.1145/3077136.3080702},
	timestamp = {Tue, 06 Nov 2018 11:07:23 +0100},
	biburl    = {https://dblp.org/rec/bib/conf/sigir/BalikasMA17},
	bibsource = {dblp computer science bibliography, https://dblp.org}
}

@inproceedings{cho2014learning,
	author    = {Kyunghyun Cho and
			Bart van Merrienboer and
			Caglar Gulcehre and
			Dzmitry Bahdanau and
			Fethi Bougares and
			Holger Schwenk and
			Yoshua Bengio},
	title     = {Learning Phrase Representations using {RNN} Encoder-Decoder for Statistical
			Machine Translation},
	booktitle = {Proceedings of the 2014 Conference on Empirical Methods in Natural
			Language Processing, {EMNLP} 2014, October 25-29, 2014, Doha, Qatar,
			{A} meeting of SIGDAT, a Special Interest Group of the {ACL}},
	pages     = {1724--1734},
	year      = {2014},
	url       = {http://aclweb.org/anthology/D/D14/D14-1179.pdf},
	timestamp = {Sat, 15 Nov 2014 14:45:18 +0100},
	biburl    = {https://dblp.org/rec/bib/conf/emnlp/ChoMGBBSB14},
	bibsource = {dblp computer science bibliography, https://dblp.org}
}
@inproceedings{bousmalis2017unsupervised,
	author    = {Konstantinos Bousmalis and
			Nathan Silberman and
			David Dohan and
			Dumitru Erhan and
			Dilip Krishnan},
	title     = {Unsupervised Pixel-Level Domain Adaptation with Generative Adversarial
			Networks},
	booktitle = {2017 {IEEE} Conference on Computer Vision and Pattern Recognition,
			{CVPR} 2017, Honolulu, HI, USA, July 21-26, 2017},
	pages     = {95--104},
	year      = {2017},
	url       = {https://doi.org/10.1109/CVPR.2017.18},
	doi       = {10.1109/CVPR.2017.18},
	timestamp = {Tue, 14 Nov 2017 17:15:06 +0100},
	biburl    = {https://dblp.org/rec/bib/conf/cvpr/BousmalisSDEK17},
	bibsource = {dblp computer science bibliography, https://dblp.org}
}

@inproceedings{bowman2016generating,
	author    = {Samuel R. Bowman and
			Luke Vilnis and
			Oriol Vinyals and
			Andrew M. Dai and
			Rafal Jozefowicz and
			Samy Bengio},
	title     = {Generating Sentences from a Continuous Space},
	booktitle = {Proceedings of the 20th {SIGNLL} Conference on Computational Natural
			Language Learning, CoNLL 2016, Berlin, Germany, August 11-12, 2016},
	pages     = {10--21},
	year      = {2016},
	url       = {http://aclweb.org/anthology/K/K16/K16-1002.pdf},
	timestamp = {Sun, 04 Sep 2016 10:01:12 +0200},
	biburl    = {https://dblp.org/rec/bib/conf/conll/BowmanVVDJB16},
	bibsource = {dblp computer science bibliography, https://dblp.org}
}

@inproceedings{liu2017adversarial,
	author    = {Pengfei Liu and
			Xipeng Qiu and
			Xuanjing Huang},
	title     = {Adversarial Multi-task Learning for Text Classification},
	booktitle = {Proceedings of the 55th Annual Meeting of the Association for Computational
			Linguistics, {ACL} 2017, Vancouver, Canada, July 30 - August 4, Volume
			1: Long Papers},
	pages     = {1--10},
	year      = {2017},
	url       = {https://doi.org/10.18653/v1/P17-1001},
	doi       = {10.18653/v1/P17-1001},
	timestamp = {Fri, 04 Aug 2017 16:38:24 +0200},
	biburl    = {https://dblp.org/rec/bib/conf/acl/LiuQH17},
	bibsource = {dblp computer science bibliography, https://dblp.org}
}

@article{champandard2016semantic,
	author    = {Alex J. Champandard},
	title     = {Semantic Style Transfer and Turning Two-Bit Doodles into Fine Artworks},
	journal   = {CoRR},
	volume    = {abs/1603.01768},
	year      = {2016},
	url       = {http://arxiv.org/abs/1603.01768},
	archivePrefix = {arXiv},
	eprint    = {1603.01768},
	timestamp = {Mon, 13 Aug 2018 16:48:01 +0200},
	biburl    = {https://dblp.org/rec/bib/journals/corr/Champandard16},
	bibsource = {dblp computer science bibliography, https://dblp.org}
}

@inproceedings{luan2017deep,
	author    = {Fujun Luan and
			Sylvain Paris and
			Eli Shechtman and
			Kavita Bala},
	title     = {Deep Photo Style Transfer},
	booktitle = {2017 {IEEE} Conference on Computer Vision and Pattern Recognition,
			{CVPR} 2017, Honolulu, HI, USA, July 21-26, 2017},
	pages     = {6997--7005},
	year      = {2017},
	url       = {https://doi.org/10.1109/CVPR.2017.740},
	doi       = {10.1109/CVPR.2017.740},
	timestamp = {Fri, 02 Nov 2018 09:44:42 +0100},
	biburl    = {https://dblp.org/rec/bib/conf/cvpr/LuanPSB17},
	bibsource = {dblp computer science bibliography, https://dblp.org}
}

@inproceedings{kulkarni2015deep,
	author    = {Tejas D. Kulkarni and
			William F. Whitney and
			Pushmeet Kohli and
			Joshua B. Tenenbaum},
	title     = {Deep Convolutional Inverse Graphics Network},
	booktitle = {Advances in Neural Information Processing Systems 28: Annual Conference
			on Neural Information Processing Systems 2015, December 7-12, 2015,
			Montreal, Quebec, Canada},
	pages     = {2539--2547},
	year      = {2015},
	url       = {http://papers.nips.cc/paper/5851-deep-convolutional-inverse-graphics-network},
	timestamp = {Fri, 08 Apr 2016 19:32:52 +0200},
	biburl    = {https://dblp.org/rec/bib/conf/nips/KulkarniWKT15},
	bibsource = {dblp computer science bibliography, https://dblp.org}
}

@inproceedings{mathieu2016disentangling,
	author    = {Michael Mathieu and
			Junbo Jake Zhao and
			Pablo Sprechmann and
			Aditya Ramesh and
			Yann LeCun},
	title     = {Disentangling factors of variation in deep representation using adversarial
			training},
	booktitle = {Advances in Neural Information Processing Systems 29: Annual Conference
			on Neural Information Processing Systems 2016, December 5-10, 2016,
			Barcelona, Spain},
	pages     = {5041--5049},
	year      = {2016},
	url       = {http://papers.nips.cc/paper/6051-disentangling-factors-of-variation-in-deep-representation-using-adversarial-training},
	timestamp = {Fri, 03 Mar 2017 14:59:41 +0100},
	biburl    = {https://dblp.org/rec/bib/conf/nips/MathieuZZRSL16},
	bibsource = {dblp computer science bibliography, https://dblp.org}
}

@article{kingma2013auto,
	author    = {Diederik P. Kingma and
			Max Welling},
	title     = {Auto-Encoding Variational Bayes},
	journal   = {CoRR},
	volume    = {abs/1312.6114},
	year      = {2013},
	url       = {http://arxiv.org/abs/1312.6114},
	archivePrefix = {arXiv},
	eprint    = {1312.6114},
	timestamp = {Mon, 13 Aug 2018 16:49:01 +0200},
	biburl    = {https://dblp.org/rec/bib/journals/corr/KingmaW13},
	bibsource = {dblp computer science bibliography, https://dblp.org}
}

@inproceedings{kneser1995improved,
	author    = {Reinhard Kneser and
			Hermann Ney},
	title     = {Improved backing-off for M-gram language modeling},
	booktitle = {1995 International Conference on Acoustics, Speech, and Signal Processing,
			{ICASSP} '95, Detroit, Michigan, USA, May 08-12, 1995},
	pages     = {181--184},
	year      = {1995},
	url       = {https://doi.org/10.1109/ICASSP.1995.479394},
	doi       = {10.1109/ICASSP.1995.479394},
	timestamp = {Fri, 19 May 2017 01:25:38 +0200},
	biburl    = {https://dblp.org/rec/bib/conf/icassp/KneserN95},
	bibsource = {dblp computer science bibliography, https://dblp.org}
}

@article{tieleman2012lecture,
	title={Lecture 6.5-rmsprop: Divide the gradient by a running average of its recent magnitude},
	author={Tieleman, Tijmen and Hinton, Geoffrey},
	journal={COURSERA: Neural Networks for Machine Learning},
	year={2012}
}

@inproceedings{bahuleyan2017variational,
	author    = {Hareesh Bahuleyan and
			Lili Mou and
			Olga Vechtomova and
			Pascal Poupart},
	title     = {Variational Attention for Sequence-to-Sequence Models},
	booktitle = {Proceedings of the 27th International Conference on Computational
			Linguistics, {COLING} 2018, Santa Fe, New Mexico, USA, August 20-26,
			2018},
	pages     = {1672--1682},
	year      = {2018},
	url       = {https://aclanthology.info/papers/C18-1142/c18-1142},
	timestamp = {Wed, 15 Aug 2018 11:10:27 +0200},
	biburl    = {https://dblp.org/rec/bib/conf/coling/BahuleyanMVP18},
	bibsource = {dblp computer science bibliography, https://dblp.org}
}

@inproceedings{stent2005evaluating,
	author    = {Amanda Stent and
			Matthew Marge and
			Mohit Singhai},
	title     = {Evaluating Evaluation Methods for Generation in the Presence of Variation},
	booktitle = {Computational Linguistics and Intelligent Text Processing, 6th International
			Conference, CICLing 2005, Mexico City, Mexico, February 13-19, 2005,
			Proceedings},
	pages     = {341--351},
	year      = {2005},
	url       = {https://doi.org/10.1007/978-3-540-30586-6\_38},
	doi       = {10.1007/978-3-540-30586-6\_38},
	timestamp = {Wed, 14 Nov 2018 10:56:03 +0100},
	biburl    = {https://dblp.org/rec/bib/conf/cicling/StentMS05},
	bibsource = {dblp computer science bibliography, https://dblp.org}
}

@article{bahuleyan2018probabilistic,
	author    = {Hareesh Bahuleyan and
			Lili Mou and
			Kartik Vamaraju and
			Hao Zhou and
			Olga Vechtomova},
	title     = {Probabilistic Natural Language Generation with Wasserstein Autoencoders},
	journal   = {CoRR},
	volume    = {abs/1806.08462},
	year      = {2018},
	url       = {http://arxiv.org/abs/1806.08462},
	archivePrefix = {arXiv},
	eprint    = {1806.08462},
	timestamp = {Mon, 13 Aug 2018 16:47:36 +0200},
	biburl    = {https://dblp.org/rec/bib/journals/corr/abs-1806-08462},
	bibsource = {dblp computer science bibliography, https://dblp.org}
}

@article{kullback1951information,
	title={On information and sufficiency},
	author={Kullback, Solomon and Leibler, Richard A},
	journal={The Annals of Mathematical Statistics},
	volume={22},
	number={1},
	pages={79--86},
	year={1951},
	publisher={JSTOR}
}

@inproceedings{bird2004nltk,
	author    = {Steven Bird},
	title     = {{NLTK:} The Natural Language Toolkit},
	booktitle = {{ACL} 2006, 21st International Conference on Computational Linguistics
			and 44th Annual Meeting of the Association for Computational Linguistics,
			Proceedings of the Conference, Sydney, Australia, 17-21 July 2006},
	year      = {2006},
	url       = {http://aclweb.org/anthology/P06-4018},
	timestamp = {Mon, 04 Mar 2013 20:57:24 +0100},
	biburl    = {https://dblp.org/rec/bib/conf/acl/Bird06},
	bibsource = {dblp computer science bibliography, https://dblp.org}
}

@inproceedings{mikolov2013distributed,
	author    = {Tomas Mikolov and
			Ilya Sutskever and
			Kai Chen and
			Gregory S. Corrado and
			Jeffrey Dean},
	title     = {Distributed Representations of Words and Phrases and their Compositionality},
	booktitle = {Advances in Neural Information Processing Systems 26: 27th Annual
			Conference on Neural Information Processing Systems 2013. Proceedings
			of a meeting held December 5-8, 2013, Lake Tahoe, Nevada, United States.},
	pages     = {3111--3119},
	year      = {2013},
	url       = {http://papers.nips.cc/paper/5021-distributed-representations-of-words-and-phrases-and-their-compositionality},
	timestamp = {Thu, 07 May 2015 20:02:01 +0200},
	biburl    = {https://dblp.org/rec/bib/conf/nips/MikolovSCCD13},
	bibsource = {dblp computer science bibliography, https://dblp.org}
}

@inproceedings{zhao2018adversarially,
	author    = {Junbo Jake Zhao and
			Yoon Kim and
			Kelly Zhang and
			Alexander M. Rush and
			Yann LeCun},
	title     = {Adversarially Regularized Autoencoders},
	booktitle = {Proceedings of the 35th International Conference on Machine Learning,
			{ICML} 2018, Stockholm, Sweden, July
			10-15, 2018},
	pages     = {5897--5906},
	year      = {2018},
	url       = {http://proceedings.mlr.press/v80/zhao18b.html},
	timestamp = {Fri, 13 Jul 2018 14:58:25 +0200},
	biburl    = {https://dblp.org/rec/bib/conf/icml/ZhaoKZRL18},
	bibsource = {dblp computer science bibliography, https://dblp.org}
}

@inproceedings{rao2018dear,
	author    = {Sudha Rao and
			Joel R. Tetreault},
	title     = {Dear Sir or Madam, May {I} Introduce the {GYAFC} Dataset: Corpus,
			Benchmarks and Metrics for Formality Style Transfer},
	booktitle = {Proceedings of the 2018 Conference of the North American Chapter of
			the Association for Computational Linguistics: Human Language Technologies,
			{NAACL-HLT} 2018, New Orleans, Louisiana, USA, June 1-6, 2018, Volume
			1 (Long Papers)},
	pages     = {129--140},
	year      = {2018},
	url       = {https://aclanthology.info/papers/N18-1012/n18-1012},
	timestamp = {Wed, 30 May 2018 15:04:59 +0200},
	biburl    = {https://dblp.org/rec/bib/conf/naacl/RaoT18},
	bibsource = {dblp computer science bibliography, https://dblp.org}
}

@incollection{rumelhart1985learning,
	author = {Rumelhart, D. E. and Hinton, G. E. and Williams, R. J.},
	title = {Learning Internal Representations by Error Propagation},
	booktitle = {Parallel Distributed Processing: Explorations in the Microstructure of Cognition, Vol. 1},
	editor = {Rumelhart, David E. and McClelland, James L. and PDP Research Group, CORPORATE},
	year = {1986},
	isbn = {0-262-68053-X},
	pages = {318--362},
	numpages = {45},
	url = {http://dl.acm.org/citation.cfm?id=104279.104293},
	acmid = {104293},
	publisher = {MIT Press},
	address = {Cambridge, MA, USA},
}

@book{krippendorf2004content,
	title={Content analysis: An introduction to its methodology},
	author={Krippendorf, K},
	year={2004},
	publisher={London: SAGE}
}

@inproceedings{arjovsky2017wasserstein,
	author    = {Martin Arjovsky and
			Soumith Chintala and
			Leon Bottou},
	title     = {Wasserstein Generative Adversarial Networks},
	booktitle = {Proceedings of the 34th International Conference on Machine Learning,
			{ICML} 2017, Sydney, NSW, Australia, 6-11 August 2017},
	pages     = {214--223},
	year      = {2017},
	url       = {http://proceedings.mlr.press/v70/arjovsky17a.html},
	timestamp = {Wed, 16 Aug 2017 11:08:55 +0200},
	biburl    = {https://dblp.org/rec/bib/conf/icml/ArjovskyCB17},
	bibsource = {dblp computer science bibliography, https://dblp.org}
}

@inproceedings{li2018delete,
	author    = {Juncen Li and
			Robin Jia and
			He He and
			Percy Liang},
	title     = {Delete, Retrieve, Generate: a Simple Approach to Sentiment and Style
			Transfer},
	booktitle = {Proceedings of the 2018 Conference of the North American Chapter of
			the Association for Computational Linguistics: Human Language Technologies,
			{NAACL-HLT} 2018, New Orleans, Louisiana, USA, June 1-6, 2018, Volume
			1 (Long Papers)},
	pages     = {1865--1874},
	year      = {2018},
	url       = {https://aclanthology.info/papers/N18-1169/n18-1169},
	timestamp = {Wed, 30 May 2018 15:04:59 +0200},
	biburl    = {https://dblp.org/rec/bib/conf/naacl/LiJHL18},
	bibsource = {dblp computer science bibliography, https://dblp.org}
}

@inproceedings{prabhumoye2018style,
	author    = {Yulia Tsvetkov and
			Alan W. Black and
			Ruslan Salakhutdinov and
			Shrimai Prabhumoye},
	title     = {Style Transfer Through Back-Translation},
	booktitle = {Proceedings of the 56th Annual Meeting of the Association for Computational
			Linguistics, {ACL} 2018, Melbourne, Australia, July 15-20, 2018, Volume
			1: Long Papers},
	pages     = {866--876},
	year      = {2018},
	url       = {https://aclanthology.info/papers/P18-1080/p18-1080},
	timestamp = {Thu, 12 Jul 2018 14:15:55 +0200},
	biburl    = {https://dblp.org/rec/bib/conf/acl/TsvetkovBSP18},
	bibsource = {dblp computer science bibliography, https://dblp.org}
}

@inproceedings{xu2018unpaired,
	author    = {Jingjing Xu and
			Xu Sun and
			Qi Zeng and
			Xiaodong Zhang and
			Xuancheng Ren and
			Houfeng Wang and
			Wenjie Li},
	title     = {Unpaired Sentiment-to-Sentiment Translation: A Cycled Reinforcement Learning Approach},
	booktitle = {Proceedings of the 56th Annual Meeting of the Association for Computational
			Linguistics, {ACL} 2018, Melbourne, Australia, July 15-20, 2018, Volume
			1: Long Papers},
	pages     = {979--988},
	year      = {2018},
	url       = {https://aclanthology.info/papers/P18-1090/p18-1090},
	timestamp = {Mon, 15 Oct 2018 16:10:48 +0200},
	biburl    = {https://dblp.org/rec/bib/conf/acl/LiWZXRSZ18},
	bibsource = {dblp computer science bibliography, https://dblp.org}
}
